# Alternatif manajemen daftar pustaka dengan \bibliography
# Keuntungannya adalah sitasi dapat langsung disalin dari web (contoh: scholar.google.com) dan format tampilan dapat diubah secara otomatis hanya dengan mengganti konfigurasi \bibliographystyle di thesis.tex https://www.sharelatex.com/learn/Bibtex_bibliography_styles


@online{latex.intro,
	author = {Jeff Clark},
	title = {Introduction to LaTeX},
	url = {http://frodo.elon.edu/tutorial/tutorial/node3.html},
	year = {2010},
}

@article{chin2000learning,
  title={Learning in science: A comparison of deep and surface approaches},
  author={Chin, Christine and Brown, David E},
  journal={Journal of research in science teaching},
  volume={37},
  number={2},
  pages={109--138},
  year={2000},
  publisher={Wiley Online Library}
}